<?xml version="1.0" encoding="UTF-8"?>
<collection xmlns:xsi="http://www.w3.org/2001/XMLSchema-instance" xsi:schemaLocation="http://www.loc.gov/MARC21/slim http://www.loc.gov/standards/marcxml/schema/MARC21slim.xsd" xmlns="http://www.loc.gov/MARC21/slim">
<record>
  <leader>00922cam a2200229 a 4500</leader>
  <controlfield tag="001">3076363</controlfield>
  <controlfield tag="003">NNC</controlfield>
  <controlfield tag="005">20130426015727.0</controlfield>
  <controlfield tag="008">910221s1926    sy            000 0 araod</controlfield>
  <datafield tag="035" ind1=" " ind2=" ">
    <subfield code="a">(OCoLC)ocm23129382</subfield>
  </datafield>
  <datafield tag="035" ind1=" " ind2=" ">
    <subfield code="9">ATP9958CU</subfield>
  </datafield>
  <datafield tag="035" ind1=" " ind2=" ">
    <subfield code="a">(NNC)3076363</subfield>
  </datafield>
  <datafield tag="040" ind1=" " ind2=" ">
    <subfield code="a">CLE</subfield>
    <subfield code="c">CLE</subfield>
    <subfield code="d">ZCU</subfield>
  </datafield>
  <datafield tag="099" ind1=" " ind2=" ">
    <subfield code="a">893.7K84</subfield>
    <subfield code="a">DI9</subfield>
  </datafield>
  <datafield tag="100" ind1="1" ind2=" ">
    <subfield code="a">Ibn al-Jazarī, Muḥammad ibn Muḥammad,</subfield>
    <subfield code="d">1350-1429.</subfield>
  </datafield>
  <datafield tag="245" ind1="1" ind2="3">
    <subfield code="a">al-Nashr fī al-qirāʾāt al-ʻashr :</subfield>
    <subfield code="b">wa-huwa al-maʻlamah al-waḥīdah fī ʻilmay al-tajwīd wa-al-qirāʾāt /</subfield>
    <subfield code="c">taʾlīf Abī al-Khayr Muḥammad ibn Muḥammad al-Dimashqī, al-shahīr bi-Ibn al-Jazarī ; ʻuniya bi-taṣḥīḥihi-- Muḥammd Aḥmad Dahmān.</subfield>
  </datafield>
  <datafield tag="260" ind1=" " ind2=" ">
    <subfield code="a">Dimashq :</subfield>
    <subfield code="b">Maṭbaʻat al-Tawfīq,</subfield>
    <subfield code="c">1345 [1926]</subfield>
  </datafield>
  <datafield tag="300" ind1=" " ind2=" ">
    <subfield code="a">2 v. in 1 ;</subfield>
    <subfield code="c">23 cm.</subfield>
  </datafield>
  <datafield tag="630" ind1="0" ind2="0">
    <subfield code="a">Qurʼan</subfield>
    <subfield code="x">Readings.</subfield>
  </datafield>
  <datafield tag="630" ind1="0" ind2="0">
    <subfield code="a">Qurʼan</subfield>
    <subfield code="x">Criticism, Textual.</subfield>
  </datafield>
  <datafield tag="700" ind1="1" ind2=" ">
    <subfield code="a">Duhmān, Muḥammad Aḥmad.</subfield>
  </datafield>
  <datafield tag="955" ind1=" " ind2=" ">
    <subfield code="b">CU58886575</subfield>
    <subfield code="d">off,glx</subfield>
    <subfield code="e">893.7K84 DI9</subfield>
  </datafield>
</record>
</collection>